@misc{facebook,
  title={Facebook - Log In or Sign Up},
  howpublished={URL: \url{https://facebook.com}},
  note="[Социальная сеть]"
}

@misc{facebook_stat,
  title={Facebook: unique U.S. visitors 2015 | Statistics},
  howpublished={URL: \url{http://www.statista.com/statistics/265831/number-of-unique-us-visitors-to-facebooykcom/}},
  note="[Электронный ресурс]"
}

@misc{vk,
  title={ВКонтакте},
  howpublished={URL: \url{https://vk.com}},
  note="[Социальная сеть]"
}

@misc{vk_stat,
  title={Аудитория ВКонтакте},
  howpublished={URL: \url{https://vk.com/page-47200925\_44240810}},
  note="[Социальная сеть]"
}

@misc{insta,
  title={Instagram},
  howpublished={URL: \url{https://www.instagram.com/}},
  note="[Онлайн-сервис]"
}

@misc{insta_stat,
  title={Press page | Instagram},
  howpublished={URL: \url{https://www.instagram.com/press/}},
  note="[Онлайн-сервис]"
}

@misc{twitter,
  title={Twitter},
  howpublished={URL: \url{https://twitter.com}},
  note="[Сервис микроблогов]"
}

@misc{twitter_stat,
  title={Twitter Usage Statistics},
  howpublished={URL: \url{http://www.internetlivestats.com/twitter-statistics/}},
  note="[Электронный ресурс]"
}

@inproceedings{swearingen2001beyond,
  title={Beyond algorithms: An HCI perspective on recommender systems},
  author={Swearingen, Kirsten and Sinha, Rashmi},
  booktitle={ACM SIGIR 2001 Workshop on Recommender Systems},
  volume={13},
  number={5-6},
  pages={1--11},
  year={2001},
  organization={Citeseer}
} % recommender

@article{adomavicius2005toward,
  title={Toward the next generation of recommender systems:
         A survey of the state-of-the-art and possible extensions},
  author={Adomavicius, Gediminas and Tuzhilin, Alexander},
  journal={Knowledge and Data Engineering, IEEE Transactions on},
  volume={17},
  number={6},
  pages={734--749},
  year={2005},
  publisher={IEEE}
} % recommender

@inproceedings{burger2006exploration,
  title={An Exploration of Observable Features Related to Blogger Age.},
  author={Burger, John D and Henderson, John C},
  booktitle={AAAI Spring Symposium: Computational
             Approaches to Analyzing Weblogs},
  pages={15--20},
  year={2006}
}

@inproceedings{peersman2011predicting,
  title={Predicting age and gender in online social networks},
  author={Peersman, Claudia and Daelemans, Walter and Van Vaerenbergh, Leona},
  booktitle={Proceedings of the 3rd international workshop on
             Search and mining user-generated contents},
  pages={37--44},
  year={2011},
  organization={ACM}
}

@article{turdakov2013opredelenie,
  title={Определение демографических атрибутов пользователей микроблогов},
  author={Турдаков, Денис and Недумов, Ярослав and Астраханцев,
          Никита and Чуприна, Кристина and Гомзин, Андрей and
          Белобородов, Иван and Коршунов, Антон},
  journal={Труды Института системного программирования РАН},
  volume={25},
  year={2013},
  pages={179--192},
  publisher={Федеральное государственное бюджетное учреждение науки
             Институт системного программирования Российской академии наук}
}

@article{schwartz2013personality,
  title={Personality, gender, and age in the language of social media:
         The open-vocabulary approach},
  author={Schwartz, H Andrew and Eichstaedt,
          Johannes C and Kern, Margaret L and Dziurzynski,
          Lukasz and Ramones, Stephanie M and Agrawal,
          Megha and Shah, Achal and Kosinski, Michal
          and Stillwell, David and Seligman, Martin EP and others},
  journal={PloS one},
  volume={8},
  number={9},
  pages={e73791},
  year={2013},
  publisher={Public Library of Science}
}

@inproceedings{rosenthal2011age,
  title={Age prediction in blogs: A study of style, content,
         and online behavior in pre-and post-social media generations},
  author={Rosenthal, Sara and McKeown, Kathleen},
  booktitle={Proceedings of the 49th Annual Meeting of the
             Association for Computational Linguistics: Human
             Language Technologies-Volume 1},
  pages={763--772},
  year={2011},
  organization={Association for Computational Linguistics}
}

@inproceedings{farseev2015harvesting,
  title={Harvesting multiple sources for user profile 
         learning: a big data study},
  author={Farseev, Aleksandr and Nie, Liqiang and Akbari,
          Mohammad and Chua, Tat-Seng},
  booktitle={Proceedings of the 5th ACM on International
             Conference on Multimedia Retrieval},
  pages={235--242},
  year={2015},
  organization={ACM}
}

@article{christenson1988genre,
  title={Genre and gender in the structure of music preferences},
  author={Christenson, Peter G and Peterson, Jon Brian},
  journal={Communication Research},
  volume={15},
  number={3},
  pages={282--301},
  year={1988},
  publisher={Sage Publications}
}

@inproceedings{liu2012inferring,
  title={Inferring personal traits from music listening history},
  author={Liu, Jen-Yu and Yang, Yi-Hsuan},
  booktitle={Proceedings of the second international ACM workshop
             on Music information retrieval with user-centered
             and multimodal strategies},
  pages={31--36},
  year={2012},
  organization={ACM}
}

@inproceedings{wu2014gender,
  title={Gender Identification and Age Estimation of Users
         Based on Music Metadata.},
  author={Wu, Ming-Ju and Jang, Jyh-Shing Roger and Lu, Chun-Hung},
  booktitle={ISMIR},
  pages={555--560},
  year={2014}
}

@article{deerwester1990indexing,
  title={Indexing by latent semantic analysis},
  author={Deerwester, Scott and Dumais, Susan T and Furnas,
          George W and Landauer,
          Thomas K and Harshman, Richard},
  journal={Journal of the American society for information science},
  volume={41},
  number={6},
  pages={391--407},
  year={1990},
  publisher={American Documentation Institute}
}

@article{mikolov2013efficient,
  title={Efficient estimation of word representations in vector space},
  author={Mikolov, Tomas and Chen, Kai and Corrado, Greg and Dean, Jeffrey},
  journal={arXiv preprint arXiv:1301.3781},
  pages={1--12},
  year={2013}
}

@article{suykens1999least,
  title={Least squares support vector machine classifiers},
  author={Suykens, Johan AK and Vandewalle, Joos},
  journal={Neural processing letters},
  volume={9},
  number={3},
  pages={293--300},
  year={1999},
  publisher={Springer}
}

@techreport{hsu2003practical,
  title={A practical guide to support vector classification},
  author={Hsu, Chih-Wei and Chang, Chih-Chung and Lin, Chih-Jen and others},
  year={2003},
  pages={1--16},
  institution={Department of Computer Science, National Taiwan University}
}

@article{baluja2007boosting,
  title={Boosting sex identification performance},
  author={Baluja, Shumeet and Rowley, Henry A},
  journal={International Journal of computer vision},
  volume={71},
  number={1},
  pages={111--119},
  year={2007},
  publisher={Springer}
}

@article{barbera2015tweeting,
  title={Tweeting From Left to Right Is Online Political
         Communication More Than an Echo Chamber?},
  author={Barber{\'a}, Pablo and Jost, John T and Nagler,
          Jonathan and Tucker, Joshua A and Bonneau, Richard},
  journal={Psychological science},
  pages={1531--1542},
  year={2015},
  publisher={SAGE Publications}
}

@inproceedings{maia2008identifying,
  title={Identifying user behavior in online social networks},
  author={Maia, Marcelo and Almeida, Jussara and Almeida, Virg{\'\i}lio},
  booktitle={Proceedings of the 1st workshop on Social network systems},
  pages={1--6},
  year={2008},
  organization={ACM}
}

@inproceedings{sarwar2002recommender,
  title={Recommender systems for large-scale e-commerce:
         Scalable neighborhood formation using clustering},
  author={Sarwar, Badrul M and Karypis, George and Konstan,
          Joseph and Riedl, John},
  booktitle={Proceedings of the fifth international conference
             on computer and information technology},
  volume={1},
  year={2002},
  organization={Citeseer}
}

@article{miller2012gender,
  title={Gender prediction on Twitter using stream algorithms
         with N-gram character features},
  author={Miller, Zachary and Dickinson, Brian and Hu, Wei},
  year={2012},
  volume={2},
  number={4A},
  publisher={Scientific Research Publishing}
}

@article{deitrick2012gender,
  title={Gender identification on Twitter using the modified balanced winnow},
  author={Deitrick, William and Miller, Zachary and Valyou,
          Benjamin and Dickinson, Brian and Munson, Timothy and Hu, Wei},
  year={2012},
  pages={189--195},
  publisher={Scientific Research Publishing}
}

@article{sloan2013knowing,
  title={Knowing the tweeters: Deriving sociologically
         relevant demographics from Twitter},
  author={Sloan, Luke and Morgan, Jeffrey and Housley,
          William and Williams, Matthew and Edwards,
          Adam and Burnap, Pete and Rana, Omer},
  journal={Sociological research online},
  volume={18},
  number={3},
  pages={7},
  year={2013}
}

@article{pennebaker2001linguistic,
  title={Linguistic inquiry and word count: LIWC 2001},
  author={Pennebaker, James W and Francis, Martha E and Booth, Roger J},
  journal={Mahway: Lawrence Erlbaum Associates},
  volume={71},
  pages={1--11},
  year={2001}
}
